@misc{brin_page, title={The Anatomy of a Large-Scale Hypertextual Web Search Engine}, url={http://infolab.stanford.edu/~backrub/google.html}, journal={The Anatomy of a Search Engine}, author={Brin, Sergey and Page, Larry}}